<record><leader>00000cas a22000007a 4500</leader><controlfield tag="001">41037154</controlfield><controlfield tag="008">990325d192u1933ncuwr ne      0    0eng d</controlfield><datafield ind1=" " ind2=" " tag="010"><subfield code="a">sn 98058948 </subfield></datafield><datafield ind1=" " ind2=" " tag="040"><subfield code="a">NVJ</subfield><subfield code="b">eng</subfield><subfield code="c">NVJ</subfield><subfield code="d">OCLCQ</subfield><subfield code="d">OCLCF</subfield><subfield code="d">OCLCO</subfield></datafield><datafield ind1=" " ind2=" " tag="042"><subfield code="a">msc</subfield></datafield><datafield ind1=" " ind2=" " tag="043"><subfield code="a">n-us-nc</subfield></datafield><datafield ind1="0" ind2="4" tag="245"><subfield code="a">The Belhaven times.</subfield></datafield><datafield ind1=" " ind2=" " tag="260"><subfield code="a">Belhaven, N.C. :</subfield><subfield code="b">Times Pub. Co.</subfield></datafield><datafield ind1=" " ind2=" " tag="300"><subfield code="a">v.</subfield></datafield><datafield ind1=" " ind2=" " tag="310"><subfield code="a">Weekly</subfield></datafield><datafield ind1="1" ind2=" " tag="362"><subfield code="a">Ceased in 1933.</subfield></datafield><datafield ind1=" " ind2=" " tag="588"><subfield code="a">Description based on: Vol. 3, no. 31 (May 2, 1929).</subfield></datafield><datafield ind1=" " ind2="0" tag="651"><subfield code="a">Belhaven (N.C.)</subfield><subfield code="v">Newspapers.</subfield></datafield><datafield ind1=" " ind2="0" tag="651"><subfield code="a">Beaufort County (N.C.)</subfield><subfield code="v">Newspapers.</subfield></datafield><datafield ind1=" " ind2="7" tag="655"><subfield code="a">Newspapers.</subfield><subfield code="2">fast</subfield><subfield code="0">(OCoLC)fst01423814</subfield></datafield><datafield ind1=" " ind2="7" tag="651"><subfield code="a">North Carolina</subfield><subfield code="z">Beaufort County.</subfield><subfield code="2">fast</subfield><subfield code="0">(OCoLC)fst01218244</subfield></datafield><datafield ind1=" " ind2="7" tag="651"><subfield code="a">North Carolina</subfield><subfield code="z">Belhaven.</subfield><subfield code="2">fast</subfield><subfield code="0">(OCoLC)fst01229240</subfield></datafield><datafield ind1=" " ind2=" " tag="752"><subfield code="a">United States</subfield><subfield code="b">North Carolina</subfield><subfield code="c">Beaufort</subfield><subfield code="d">Belhaven.</subfield></datafield><datafield ind1="0" ind2="7" tag="785"><subfield code="t">Hyde County record</subfield><subfield code="w">(DLC)sn 98058949</subfield></datafield><datafield ind1="0" ind2="7" tag="785"><subfield code="t">Belhaven times and the Hyde County record</subfield><subfield code="w">(DLC)sn 98058950</subfield></datafield></record>